@book{clrs,
author={Cormen, Thomas H and Leiserson, Charles E},
title={Introduction to algorithms, 3rd edition},
place={Cambridge, Mass.},
publisher={MIT Press},
year={2009}
}

@article{DBLP:journals/corr/Brodal15,
  author    = {Gerth St{\o}lting Brodal},
  title     = {External Memory Three-Sided Range Reporting and Top-{\textdollar}k{\textdollar}
               Queries with Sublogarithmic Updates},
  journal   = {CoRR},
  volume    = {abs/1509.08240},
  year      = {2015},
  url       = {http://arxiv.org/abs/1509.08240},
  timestamp = {Thu, 01 Oct 2015 14:28:48 +0200},
  biburl    = {http://dblp.uni-trier.de/rec/bib/journals/corr/Brodal15},
  bibsource = {dblp computer science bibliography, http://dblp.org}
}

@MISC{Prokop99cache-obliviousalgorithms,
    author = {Harald Prokop},
    title = {Cache-Oblivious Algorithms},
    year = {1999}
}

@article{Aggarwal:1988/ICS/48529.48535,
 author = {Aggarwal, Alok and Vitter, Jeffrey,S.},
 title = {The Input/Output Complexity of Sorting and Related Problems},
 journal = {Commun. ACM},
 issue_date = {Sept. 1988},
 volume = {31},
 number = {9},
 month = sep,
 year = {1988},
 issn = {0001-0782},
 pages = {1116--1127},
 numpages = {12},
 url = {http://doi.acm.org/10.1145/48529.48535},
 doi = {10.1145/48529.48535},
 acmid = {48535},
 publisher = {ACM},
 address = {New York, NY, USA},
} 

@book{Meyer:2003/AMH/1744652,
 editor = {Meyer, Ulrich and Sanders, Peter and Sibeyn, Jop},
 title = {Algorithms for Memory Hierarchies: Advanced Lectures},
 year = {2003},
 isbn = {3-540-00883-7},
 publisher = {Springer-Verlag},
 address = {Berlin, Heidelberg},
} 
